@misc{mlb2023,
  title = {2023 {MLB} Player Hitting Stat Leaders},
  howpublished = {{MLB.Com}},
  note = {\url{www.mlb.com/stats/home-runs/2023}},
  urldate = {2024-05-10},
  year = {2023}
}

@book{atwater2023,
  author = {Christopher Atwater and others},
  title = {Human Kinetics, Applied Sport Business Analytics},
  year = {2023}
}

@article{brown2024,
  author = {Maury Brown},
  title = {{MLB} Faces Existential Crisis with Pitcher Injuries},
  journal = {Forbes},
  year = {2024},
  month = {Apr},
  day = {15},
  url = {www.forbes.com/sites/maurybrown/2024/04/09/mlb-faces-existential-crisis-with-pitcher-injuries/?sh=77a4f2d62849}
}

@misc{salesstats,
  title = {Chris Sale Stats: Statcast, Visuals \& Advanced Metrics},
  howpublished = {{Baseballsavant.Com}},
  note = {\url{baseballsavant.mlb.com/savant-player/chris-sale-519242?stats=statcast-r-pitching-mlb}},
  urldate = {2024-04-10}
}

@misc{shiftlimits,
  title = {Defensive Shift Limits (2023 Rule Change): Glossary},
  howpublished = {{MLB.Com}},
  note = {\url{www.mlb.com/glossary/rules/defensive-shift-limits}},
  urldate = {2024-04-10}
}

@article{feinsand2024,
  author = {Mark Feinsand},
  title = {{MLB} Issues Response to {PA} Statement on Pitcher Injuries},
  journal = {{MLB.Com}},
  year = {2024},
  month = {Apr},
  day = {7},
  url = {www.mlb.com/news/mlb-response-pitcher-injuries-2024}
}

@article{gough2023,
  author = {Christina Gough},
  title = {{MLB} Average Game Length 2023},
  journal = {Statista},
  year = {2023},
  month = {Nov},
  day = {15},
  url = {www.statista.com/statistics/1310998/mlb-game-length/}
}

@misc{gallostats,
  title = {Joey Gallo Stats: Statcast, Visuals \& Advanced Metrics},
  howpublished = {{Baseballsavant.Com}},
  note = {\url{baseballsavant.mlb.com/savant-player/joey-gallo-608336?stats=career-r-visuals-mlb}},
  urldate = {2024-04-10}
}

@misc{verlanderstats,
  title = {Justin Verlander Stats, Height, Weight, Position, Rookie Status \& More},
  howpublished = {{Baseball}},
  note = {\url{www.baseball-reference.com/players/v/verlaju01.shtml}},
  urldate = {2024-04-10}
}

@book{lewis2003,
  author = {Michael Lewis},
  title = {Moneyball},
  publisher = {Business Contact},
  year = {2003}
}

@article{snyder2023,
  author = {Matt Snyder},
  title = {{MLB} Rule Changes: What to Know about the Extreme Shift Ban, What Defensive Tricks Are Still Allowed},
  journal = {{CBSSports.Com}},
  year = {2023},
  month = {Mar},
  day = {2},
  url = {www.cbssports.com/mlb/news/mlb-rule-changes-what-to-know-about-the-extreme-shift-ban-what-defensive-tricks-are-still-allowed/#:~:text=No%20more.,the%20overloading%20of%20one%20side}
}

@article{melville2024,
  author = {William Melville and others},
  title = {Optimizing Baseball Fielder Positioning with Consideration for Adaptable Hitters},
  institution = {Brigham Young University, Brigham Young University, Computer Science},
  year = {2024}
}

@misc{bettsstats,
  title = {Mookie Betts Stats: Statcast, Visuals \& Advanced Metrics},
  howpublished = {{Baseballsavant.Com}},
  note = {\url{baseballsavant.mlb.com/savant-player/mookie-betts-605141?stats=statcast-r-hitting-mlb}},
  urldate = {2024-05-10}
}

@misc{bettsfangraphs,
  title = {Mookie Betts - Spray Charts - Batted Ball | {FanGraphs} Baseball},
  howpublished = {\url{www.fangraphs.com/players/mookie-betts/13611/spray-charts?playerid=13611&position=OF&type=battedball&pid2=13611&ss1=2023&se1=2023&ss2=2024&se2=2024&cht1=hittype&cht2=battedball&vs1=ALL&vs2=ALL}},
  urldate = {2024-05-01}
}

@misc{bettswiki,
  title = {Mookie Betts},
  howpublished = {\url{en.wikipedia.org/wiki/Mookie_Betts}},
  urldate = {2024-05-10}
}

@misc{mlbrules,
  title = {Official Baseball Rules - {MLB}},
  howpublished = {{MLB}},
  note = {\url{mktg.mlbstatic.com/mlb/official-information/2024-official-baseball-rules.pdf}},
  urldate = {2024-01-04},
  year = {2024}
}

@misc{pena2024,
  author = {Carlos Pe√±a and others},
  title = {{Sloan Sports Analytics Conference}},
  howpublished = {\url{https://www.sloansportsconference.com/event/take-two-sustaining-success-in-the-new-look-mlb}}
}

@misc{pitchtimer,
  title = {Pitch Timer (2023 Rule Change): Glossary},
  howpublished = {{MLB.Com}},
  note = {\url{www.mlb.com/glossary/rules/pitch-timer}},
  urldate = {2024-05-07}
}

@misc{pitchtypes,
  title = {Pitch Types: Glossary},
  howpublished = {\url{www.mlb.com/glossary/pitch-types}},
  urldate = {2024-04-03}
}

@misc{heatmaps,
  title = {Pitcher Texture Heatmaps},
  howpublished = {{Baseballsavant.Com}},
  note = {\url{baseballsavant.mlb.com/visuals/texture-heatmap}},
  urldate = {2024-04-16}
}

@article{ramsammy2021,
  author = {Andrew Ramsammy},
  title = {6 Technologies That Are Revolutionizing Baseball},
  journal = {Global Sport Matters},
  year = {2021},
  month = {Feb},
  day = {1},
  url = {globalsportmatters.com/science/2021/01/11/6-technologies-that-are-revolutionizing-baseball/}
}

@article{sahota2024,
  author = {Neil Sahota},
  title = {Swing into the Future: Ai Is Changing Baseball and Leaving Fans Stunned!},
  journal = {Forbes},
  year = {2024},
  month = {Feb},
  day = {9},
  url = {www.forbes.com/sites/neilsahota/2024/02/23/swing-into-the-future-ai-is-changing-baseball-and-leaving-fans-stunned/?sh=53cfde63b46e}
}

@article{speier2020,
  author = {Alex Speier},
  title = {A Brief History of Video and Technology in Baseball, and How It Helped Teams Steal Signs - the Boston Globe},
  journal = {{BostonGlobe.Com}},
  year = {2020},
  month = {May},
  day = {1},
  url = {www.bostonglobe.com/2020/05/01/sports/brief-history-video-technology-baseball-how-it-helped-teams-steal-signs/?event=event12}
}

@book{thorn2015,
  author = {John Thorn and others},
  title = {The Hidden Game of Baseball: A Revolutionary Approach to Baseball and Its Statistics},
  publisher = {University of Chicago Press},
  year = {2015}
}
