@online{mlb2023left-handedpitching,
  author = {{MLB}},
  title = {Why Left-Handed Pitching Matters in Baseball},
  year = {2023},
  url = {https://www.mlb.com/news/why-left-handed-pitching-matters-in-baseball#:~:text=%22Platoon%20splits%22%20refers%20to%20a,He%20has%20no%20chance},
  note = {Accessed: 2023-01-11}
}

@online{blewett2023infielddefense,
  author = {Dan Blewett},
  title = {Baseball Infield Defense Shifts},
  year = {2023},
  url = {https://danblewett.com/baseball-infield-defense-shifts/},
  note = {Accessed: 2025-01-11}
}

@online{mlb2023shifts,
  author = {{MLB}},
  title = {Shifts},
  year = {2023},
  url = {https://www.mlb.com/glossary/statcast/shifts},
  note = {Accessed: 2025-01-12}
}

@online{mlb2023shiftlimits,
  author = {{MLB}},
  title = {Defensive Shift Limits},
  year = {2023},
  url = {https://www.mlb.com/glossary/rules/defensive-shift-limits},
  note = {Accessed: 2025-01-12}
}

@online{ncaa2023baseballrules,
  author = {{NCAA}},
  title = {Baseball Rules of the Game},
  year = {2023},
  url = {https://www.ncaa.org/sports/2013/11/20/baseball-rules-of-the-game.aspx},
  note = {Accessed: 2025-02-12}
}

@misc{mlb2025officialrules,
  author = {{MLB}},
  title = {2025 Official Baseball Rules},
  year = {2025},
  url = {https://mktg.mlbstatic.com/mlb/official-information/2025-official-baseball-rules.pdf},
  note = {Accessed: 2025-02-12}
}


@online{appliedvision2023,
  author = {{Applied Vision Baseball}},
  title = {Batting Left-Handed vs Right-Handed},
  year = {2023},
  url = {https://appliedvisionbaseball.com/batting-left-handed-vs-right-handed/#:~:text=Left%2Dhanded%20batters%20are%20one,they%20can%20run%20to%20first},
  note = {Accessed: 2025-01-12}
}

@online{ignitebaseball2023pullswing,
  author = {{Ignite Baseball}},
  title = {How the Inside Pull Swing and the Outside Opposite Field Swing Should Actually Work},
  year = {2023},
  url = {https://ignitebaseball.org/ignite-training-articles/how-the-inside-pull-swing-and-the-outside-opposite-field-swing-should-actually-work/},
  note = {Accessed: 2025-01-19}
}

@online{fangraphs2023gallo,
  author = {{FanGraphs}},
  title = {Joey Gallo Statistics - FanGraphs},
  year = {2023},
  url = {https://www.fangraphs.com/players/joey-gallo/14128/stats?position=OF},
  note = {Accessed: 2025-01-19}
}

@online{wikipedia2023baseballpositions,
  author = {{Wikipedia Contributors}},
  title = {Baseball Positions},
  year = {2023},
  url = {https://en.wikipedia.org/wiki/Baseball_positions},
  note = {Accessed: 2025-02-12}
}

@online{mlbsavant2023gallo,
  author = {{MLB Savant}},
  title = {Joey Gallo Statistics | Statcast - R Hitting},
  year = {2023},
  url = {https://baseballsavant.mlb.com/savant-player/joey-gallo-608336?stats=statcast-r-hitting-mlb},
  note = {Accessed: 2025-01-19}
}

@online{mlbsavant2023gallobatterpositioning,
  author = {{MLB Savant}},
  title = {Joey Gallo Batter Positioning | Statcast - 2022 Season},
  year = {2023},
  url = {https://baseballsavant.mlb.com/visuals/batter-positioning?playerId=608336&teamId=&opponent=&firstBase=0&shift=1&season=2022&attempts=10&batSide=L},
  note = {Accessed: 2025-01-25}
}

@online{yahoo2023galloescape,
  author = {Yahoo Sports},
  title = {Joey Gallo Can't Escape the Shift, Even After MLB's Ban},
  year = {2023},
  url = {https://sports.yahoo.com/joey-gallo-cant-escape-the-shift-even-after-mlbs-ban-220946949.html?guccounter=1&guce_referrer=aHR0cHM6Ly93d3cuZ29vZ2xlLmNvbS8&guce_referrer_sig=AQAAAI9agRn1t4j8N7P9fVYIG0k89Q69jn1XbM84LOy2VSsnuWalpU8pSqhRJiHPcnc7I67YPoWUQeuV0umsu5TL6YjA99xfcrd8PU1SXgnGzp63WrsS1Wkx_ubKS_h28SD1xAYohkfmecKLQf4gMhmORmj92Ky98hkb2DrWAlay95pW},
  note = {Accessed: 2025-02-09}
}

@online{yanksgoyard2022galloargument,
  author = {Yanks Go Yard},
  title = {Joey Gallo's Shift Argument Is More Layered Than You Think},
  year = {2022},
  url = {https://yanksgoyard.com/2022/03/07/yankees-joey-gallos-shift-argument-layered-think/},
  note = {Accessed: 2025-02-10}
}


@online{mlb2023goldglove,
  author = {{MLB}},
  title = {Gold Glove Awards},
  year = {2023},
  url = {https://www.mlb.com/awards/gold-glove},
  note = {Accessed: 2025-02-13}
}

@online{mlb2023statcast,
  author = {{MLB}},
  title = {Statcast Glossary},
  year = {2023},
  url = {https://www.mlb.com/glossary/statcast},
  note = {Accessed: 2025-02-15}
}

@online{mlb2023pillardefense,
  author = {{MLB}},
  title = {Pillar on Defensive Positioning},
  year = {2023},
  url = {https://www.mlb.com/video/pillar-on-defensive-positioning-c2523753783},
  note = {Accessed: 2025-02-12}
}

@online{mlb2023fielddimensions,
  author = {{MLB}},
  title = {Field Dimensions},
  year = {2023},
  url = {https://www.mlb.com/glossary/rules/field-dimensions},
  note = {Accessed: 2025-02-15}
}

@online{mlb2023strikezone,
  author = {{MLB}},
  title = {Strike Zone},
  year = {2023},
  url = {https://www.mlb.com/official-information/umpires/strike-zone},
  note = {Accessed: 2025-02-17}
}

@online{mlb2023windimpact,
  author = {{MLB}},
  title = {The Big Impact of Wind on Baseball Outcomes},
  year = {2023},
  url = {https://www.mlb.com/news/the-big-impact-of-wind-on-baseball-outcomes},
  note = {Accessed: 2025-02-20}
}

@online{mlbsavant2023field,
  author = {{MLB Savant}},
  title = {Statcast Fielding},
  year = {2023},
  url = {https://baseballsavant.mlb.com/statcast_field},
  note = {Accessed: 2025-02-28}
}


@book{albert2023analyzing,
  author = {Albert, Jim and Baumer, Benjamin and Marchi, S.},
  title = {Analyzing Baseball Data with R},
  edition = {3rd},
  publisher = {Springer},
  year = {2023},
  address = {New York},
}

@online{baseballamerica2023shiftban,
  author = {Baseball America},
  title = {College Baseball: Banning the Shift? NCAA Coaches Find It Unlikely},
  year = {2023},
  url = {https://www.baseballamerica.com/stories/college-baseball-banning-the-shift-ncaa-coaches-find-it-unlikely/},
  note = {Accessed: 2025-03-01}
}


@online{mlbsavant2023ohtani,
  author = {{MLB Savant}},
  title = {Shohei Ohtani Statistics | Statcast - R Hitting},
  year = {2023},
  url = {https://baseballsavant.mlb.com/savant-player/shohei-ohtani-660271?stats=statcast-r-hitting-mlb},
  note = {Accessed: 2025-03-02}
}

@online{mlbsavant2023betts,
  author = {{MLB Savant}},
  title = {Mookie Betts Statistics | Statcast - R Hitting},
  year = {2023},
  url = {https://baseballsavant.mlb.com/savant-player/mookie-betts-605141?stats=statcast-r-hitting-mlb},
  note = {Accessed: 2025-03-02}
}

@misc{trackman2022,
  author = {TrackMan},
  title = {TrackMan Baseball Data},
  year = {2022},
  note = {Unpublished data, accessed via personal communication from Columbia University Baseball},
  howpublished = {Personal communication},
  accessdate = {2025-05-09}
}

@misc{trackman2023,
  author = {TrackMan},
  title = {TrackMan Baseball Data},
  year = {2023},
  note = {Unpublished data, accessed via personal communication from Columbia University Baseball},
  howpublished = {Personal communication},
  accessdate = {2025-05-09}
}

@misc{trackman2024,
  author = {TrackMan},
  title = {TrackMan Baseball Data},
  year = {2024},
  note = {Unpublished data, accessed via personal communication from Columbia University Baseball},
  howpublished = {Personal communication},
  accessdate = {2025-05-09}
}

@online{columbialions2022baseball,
  author = {{Columbia University Athletics}},
  title = {Columbia Baseball 2022 Statistics},
  year = {2022},
  url = {https://gocolumbialions.com/sports/baseball/stats/2022},
  note = {Accessed: 2025-04-10}
}

@online{columbialions2023baseball,
  author = {{Columbia University Athletics}},
  title = {Columbia Baseball 2023 Statistics},
  year = {2023},
  url = {https://gocolumbialions.com/sports/baseball/stats/2023},
  note = {Accessed: 2025-04-10}
}

@online{columbialions2024baseball,
  author = {{Columbia University Athletics}},
  title = {Columbia Baseball 2024 Statistics},
  year = {2024},
  url = {https://gocolumbialions.com/sports/baseball/stats/2024},
  note = {Accessed: 2025-04-10}
}

@online{mlbsavant2023catchprobability,
  author = {{MLB Savant}},
  title = {Statcast Catch Probability},
  year = {2023},
  url = {https://baseballsavant.mlb.com/statcast_catch_probability},
  note = {Accessed: 2025-05-02}
}

@online{mlbsavant2023fielderpositioning,
  author = {{MLB Savant}},
  title = {Fielder Positioning},
  year = {2023},
  url = {https://baseballsavant.mlb.com/visuals/fielder-positioning},
  note = {Accessed: 2025-05-04}
}

@online{trackman2023baseball,
  author = {{TrackMan}},
  title = {TrackMan Baseball},
  year = {2023},
  url = {https://www.trackman.com/baseball},
  note = {Accessed: 2025-05-09}
}

@online{dawn2023hawkeye,
  author = {Dawn News},
  title = {Baseball: Hawk-Eye Comes to Baseball},
  year = {2023},
  url = {https://www.dawn.com/news/1902275/baseball-hawk-eye-comes-to-baseball#:~:text=Batters%2C%20pitchers%20and%20catchers%20can%20challenge%20a%20home%20plate%20umpire's,the%20umpire's%20call%20was%20correct.},
  note = {Accessed: 2025-05-09}
}



